@book{yajima,
  title = {物理数学入門},
  author = {谷島, 賢二},
  year = {1994},
  publisher = {東京大学出版会},
  language = {ja}
}
@book{postmodern-analysis,
  title = {Postmodern Analysis},
  author = {Jost, J\"{u}rgen},
  publisher = {Springer},
  edition = {3},
  year =  {2005},
  language = {en}
}
@book{precup,
  title = {Methods in Nonlinear Integral Equations},
  author = {Precup, Radu},
  publisher = {Springer},
  year = {2002},
  language = {en}
}
@book{suhubi,
  title = {Functional Analysis},
  author = "\c{S}uhubi, Erdo\u{g}an",
  publisher = {Springer},
  year = {2003},
  language = {en}
}
@book{yamamoto,
  title = {解析力学I},
  author = {
    山本, 義隆
    and
    中村, 孔一
  },
  year = {1998},
  publisher = {朝倉書店},
  language = {ja}
}
@book{masuda,
  title = {非線型数学},
  author = {増田, 久弥},
  year = {1985},
  publisher = {朝倉書店},
  language = {ja}
}
@book{yamada,
  title = {工学のための関数解析},
  author = {山田, 功},
  year = {2009},
  publisher = {数理工学社},
  language = {ja}
}
@book{theoretical-numerical-analysis,
  title = {Theoretical Numerical Analysis},
  author = {
    Atkinson, Kendall
    and
    Han, Weimin
  },
  publisher = {Springer},
  edition = {3},
  year = {2009},
  language = {en}
}
